@ARTICLE{Kuhne2009-tn,
  title   = "Improving the Traditional Information Management in Natural
  Sciences",
  author  = "K{\"u}hne, Martin and Liehr, Andreas W",
  journal = "Data Sci. J.",
  volume  =  8,
  pages   = "18--26",
  year    =  2009,
  issn    = "1683-1470, 0308-9541",
  doi     = "10.2481/dsj.8.18"
}
